@article{vars,
    author = "Nathan Owen Ilten & Hendrik S¨uß",
    title = "Polarized Complexity-One T-Varieties",
    year = "2011",
    DOI = "https://arxiv.org/pdf/0910.5919.pdf",
}


@article{main,
    author = "Nathan Ilten, Marni Mishna, and Charlotte Trainor",
    title = "Classyfying Fano complexity-one T-varieties via Divisorial Polytopes",
    year = "2018",
    DOI = "https://arxiv.org/pdf/1710.04146.pdf",
}

@article{cdp,
    author = "Nathan Ilten and Hendrik Suss",
    title = "K-stability for Fano manifolds with torus action
of complexity one",
    year = "2017",
    DOI = "https://arxiv.org/pdf/1507.04442.pdf",
}


